@Article{Jensen_SAS53,
	title = {Markoff chains as an aid in the study of {M}arkoff processes},
	author = {
		A. Jensen
	},
	journal = {Skand. Aktuarietid-skrift},
	volume = {36},
	pages = {87--91},
	year = {1953}
}

@Article{Tarjan_SIAMJC72,
	title = {Depth-First Search and Linear Graph Algorithms},
	author = {
		Robert E. Tarjan
	},
	journal =  {SIAM J. Computing},
	volume =  {1},
	number =  {2},
	pages = {146--160},
	year = {1972},
}

@Article{Stewart_ACM78,
	title = {A comparison of numerical techniques in {M}arkov modeling},
	journal = {Commun. ACM},
	author = {
		William J. Stewart
	},
	volume = {21},
	number = {2},
	year = {1978},
	pages = {144--152},
	_publisher = {ACM Press},
	address = {New York, NY, USA},
}

@Book{Neuts_81,
	title={Matrix-Geometric Solutions in Stochastic Models: An Algorithmic Approach},
	author={
		Marcel F. Neuts
	},
	_publisher={Dover},
	year={1981}
}

@Article{ReibmanT_COR88,
	title = {Numerical transient analysis of {M}arkov models},
	journal = {Comput. Oper. Res.},
	author = {
		Andrew Reibman and
		Kishor Trivedi
		},
	volume = {15},
	number = {1},
	year = {1988},
	pages = {19--36},
	_publisher = {Elsevier Science Ltd.},
	address = {Oxford, UK, UK},
}

@Article{FoxG_ACM88,
	title = {Computing {P}oisson probabilities},
	journal = {Commun. ACM},
	author = {
		Bennett L. Fox and
		Peter W. Glynn
	},
	volume = {31},
	number = {4},
	year = {1988},
	pages = {440--445},
	_publisher = {ACM Press},
	address = {New York, NY, USA},
}

@Article{MalhotraMT_MR94,
	title = {Stiffness-Tolerant Methods for Transient Analysis of Stiff {M}arkov Chains},
	journal = {Microelectronics and Reliability},
	author = {
		Manish Malhotra and
		Jogesh K. Muppala and
		Kishor S. Trivedi
	},
	volume = {34},
	number = {11},
	year = {1994},
	pages = {1825--1841},
}

@Book{Stewart_94,
	title = { Introduction to the Numerical Solution of {M}arkov Chains},
	author = {
		William J. Stewart
		},
	year = {1994},
	publisher = {Princeton University Press},
}

@Article{ HanssonJ_FAC94,
	title = {A logic for reasoning about time and probability},
	journal={Formal Aspects of Computing},
	author = {
			N. Hansson and
			B. Jonsson
			},
	volume={6},
	year={1994},
	pages={512-535}
}

@Article{SandersOQW_PECS95,
	title = {The {U}ltra{SAN} modeling environment.},
	author = {
		W. H. Sanders and
		W. D. Obal and
		M. A. Qureshi and
		F. K. Widjanarko
	},
	journal = {Performance Evaluation},
	volume = {24},
	number = {1-2},
	pages = {89--115},
	year = {1995},
}

@InProceedings{ AzizSSB_CAV96,
	title = { Verifying Continuous Time Markov Chains },
	booktitle = { Computer Aided Verification (CAV)},
	author = {
		Adnan Aziz and
		Kumud Sanwal and
		Vigyan Singhal and
		Robert K. Brayton
	},
	year = {1996},
	pages = {269--276},
	_publisher = {Springer-Verlag},
	address = {London, UK}
}

@InProceedings{ QureshiS_ISFTC96,
	title = { A New Methodology for Calculating Distributions of
		Reward Accumulated During a Finite Interval. },
	booktitle = { International Symposium on Fault-Tolerant Computing },
	author = {
		M. A. Qureshi and
		W. H. Sanders
	},
	year = {1996},
	pages = {116--125},
	address = {Sendai, Japan}
}

@Book{Haverkort_98,
	title = {Performance of Computer Communication Systems: A Model-Based Approach},
	author = {
		Boudewijn R. Haverkort
	},
	year = {1998},
	_publisher = {John Wiley \& Sons, Inc.},
	address = {New York, NY, USA},
}

@Article{ ClarkeES_ACM98,
	title = { Automatic verification of  finite-state concurrent systems using temporal logic specifications },
	journal = { ACM Trans. Program Lang. Syst. },
	author = {
		EM Clarke and
		EA Emerson and
		AP Sistla
	},
	volume = { 8 },
	pages = { 244--268 },
	year = { 1998 }
}

@Article{ Sericola_TC99,
	title={Availability Analysis of Repairable Computer Systems and Stationarity Detection},
	journal = {IEEE Transactions on Computers},
	author={
		 Bruno Sericola
	},
	volume = {48},
	number = {11},
	pages = {1166--1172},
	year = { 1999 }
}

@InProceedings{ BaierKH_CONCUR99,
	title = { Approximate Symbolic Model Checking of Continuous-Time {M}arkov Chains },
	booktitle = { Conference on Concurrency Theory (CONCUR)},
	author = { 
		Christel Baier and
		Joost-Pieter Katoen and
		Holger Hermanns
	},
	year = { 1999 },
	pages = { 146--161 },
	_publisher = { Springer-Verlag },
	address = { London, UK }
}

@InProceedings{ TijmsV_99,
	title = { A fast algorithm for the transient reward distribution in continuous-time {M}arkov chains },
	booktitle = { Oper. Res. Lett. },
	author = { 
		H. C. Tijms and
		R. Veldman
	},
	volume = { 26 },
	pages = { 155--158 },
	year = { 2000 }
}

@InProceedings{ BaierHHK_CAV00,
	title = { Model Checking Continuous-Time {M}arkov Chains by Transient Analysis },
	booktitle = {Computer Aided Verification (CAV)},
	author = {
		Christel Baier and
		Boudewijn R. Haverkort and
		Holger Hermanns and
		Joost-Pieter Katoen
	},
	year = {2000},
	pages = {358--372},
	volume = {1855},
	series = {LNCS},
	_publisher = {Springer-Verlag},
	address = {London, UK}
}

@InProceedings{ BaierHHK_ICALP00,
	title = { On the Logical Characterisation of Performability Properties },
	booktitle = {International Colloquium on Automata, Languages and Programming (ICALP)},
	author = {
		Christel Baier and
		Boudewijn R. Haverkort and
		Holger Hermanns and
		Joost-Pieter Katoen
	},
	year = {2000},
	pages = {780--792},
	_publisher = {Springer-Verlag},
	address = {London, UK}
}

@InProceedings{HaverkortHK_SRDS00,
	title = {On the Use of Model Checking Techniques for Dependability Evaluation},
	booktitle = { IEEE symp. on Reliable Distributed Systems (SRDS'00)},
	author = {
		B. Haverkort and
		H. Hermanns and
		J.-P. Katoen
		},
	pages={228--237},
	year={2000},
	_address={Erlangen, Germany},
	_month={October}
}

@article{ AzizSSB_ACMTCL00,
	title = {Model-checking continuous-time {M}arkov chains},
	journal = {ACM Transactions on Computational Logic},
	author = {
		Adnan Aziz and
		Kumud Sanwal and
		Vigyan Singhal and
		Robert Brayton
		},
	volume = {1},
	number = {1},
	pages = {162--170},
	year = {2000}
}

@inproceedings{ MockNS_EDCC00,
	title = {Efficient Reliable Real-Time Group Communication for Wireless Local Area Networks},
	author = {
		Michael Mock and
		Edgar Nett and
		Stefan Schemmer
		},
	booktitle = {European Dependable Computing Conference},
	isbn = {3-540-66483-1},
	publisher = {Springer-Verlag},
	address = {London, UK},
	volume = {1667},
	pages = {380--400},
	year = {1999},
	_url = {citeseer.ist.psu.edu/mock99efficient.html}
}

@InProceedings{KatoenKNP_LNCS01,
	title = { Faster and Symbolic {CTMC} Model Checking },
	booktitle = { Process Algebra and Probabilistic Methods, Performance Modeling and Verification (PAPM/PROBMIV'01) },
	author = {
		J.-P. Katoen and
		M. Kwiatkowska and
		G. Norman and
		D. Parker
	},
	pages = { 23--38 },
	series = {LNCS },
	volume = {2165 },
	_month = {September },
	year = { 2001 },
	_publisher = { Springer },
	_editor ={ L. de Alfaro and S. Gilmore}
}
 
@InProceedings{BaierHHK_PECS02,
	title = { Automated Performance and Dependability Evaluation Using Model Checking },
	journal = { Performance Evaluation of Complex Systems: Techniques and Tools / M.C. Calzarossa, S. Tucci (Eds.) },
	author = {
		Christel Baier and
		Boudewijn Haverkort and
		Holger Hermanns and
		Joost-Pieter Katoen
	},
	_month = sep,
	year = { 2002 },
	pages = { 1--261 } ,
	_publisher = { Springer Verlag, LNCS 2459 }
}

@InProceedings{HaverkortCHKB_DSN02,
	title = { Model-checking performability properties },
	booktitle = { Dependable Systems and Networks (DSN) },
	author = {
		B. Haverkort and
		L. Cloth and
		H. Hermanns and
		J.-P. Katoen and
		C. Baier
	},
	pages = {103--112},
	_publisher = {IEEE CS Press},
	year = {2002},
	url = {http://computer.org/proceedings/dsn/1597/15970103abs.htm}
}

@InProceedings{KwiatkowskaNP_IMTTCPE02,
	title={{PRISM}: Probabilistic Symbolic Model Checker},
	author={
		M. Kwiatkowska and
		G. Norman and
		D. Parker
	},
	booktitle={Modelling Techniques and Tools for Computer Performance Evaluation (TOOLS'02)},
	year={2002},
	pages={200--204},
	_publisher={Springer},
	series={LNCS},
	volume={2324},
	_month={April},
	_editor={T. Field and P. Harrison and J. Bradley and U. Harder}
}

@Book{BondavalliCG_KAPCDC02,
	author = {A. Bondavalli and A. Coccoli and F. Di Giandomenico},
	title = {Qo{S} Analysis of Group Communication Protocols in Wireless Environment.},
	pages = {169--188},
	publisher = {Kluwer Academic Publishers Concurrency in Dependable Computing / P. Ezhilchelvan and A. Romanovsky (Eds.)},
	year = {2002},
	_note = {InternalNote: Submitted by: applequi@crhc.uiuc.edu},
}

@InProceedings{ AndovaHK_FORMATS03,
	title = { Discrete-time rewards model-checked },
	booktitle = { Formal Modeling and Analysis of Timed Systems (FORMATS) },
	author = {
		Suzana Andova and
		H. Hermanns and
		Joost-Pieter Katoen
	},
	organization = { LNCS },
	year = { 2003 },
	_publisher = { Springer-Verlag },
	address = { Marseille, France },
	url = { http://fmt.cs.utwente.nl/publications/files/417_AHK03.ps },
	_editor = { K.G. Larsen and P. Niebert }
}

@InProceedings { HermannsKMS_DSN03,
	title = { ETMCC: Model Checking Performability Properties of {M}arkov Chains },
	booktitle = { DSN },
	author = { 
		Joost-Pieter Katoen and 
		Holger Hermanns and 
		Markus Siegle and 
		Joachim Meyer-Kayser
	},
	year = {2003}, 
 	pages = {673--673}, 
	url = { http://csdl.computer.org/comp/proceedings/dsn/2003/1952/00/19520673.pdf }
}

@Article{ HermansKMS_IJSTTT03,
	title = { A tool for model-checking {M}arkov Chains },
	journal = {Int. J. on Softw. for Technology Transfer (STTT)},
	author = {
		H. Hermanns and
		J.-P. Katoen and
		J. Meyer-Kayser and
		M. Siegle
	},
	volume = {4},
	number = {2},
	pages = {153--172},
	year = {2003},
	url = {http://link.springer.de/link/service/journals/10009/bibs/3004002/30040153.pdf},
}

@Article{ BaierHHK_TSE03,
	title = { Model-checking algorithms for continuous-time {M}arkov Chains },
	journal = { IEEE Trans. on Softw. Eng. },
	author = {
		C. Baier and
		B. Haverkort and
		H. Hermanns and
		J.-P. Katoen
	},
	volume = {29},
	number = {6},
	pages = {524--541},
	year = {2003},
}

@Article{ DerisaviHS_IPL03,
	title = { Optimal state-space lumping in {M}arkov Chains },
	journal = { Inf. Process. Lett. },
	author = { 
		Salem Derisavi and
		Holger Hermanns and
		William H. Sanders
	},
	volume = {87},
	number = {6},
	year = {2003},
	pages = {309--315},
	url = {http://dx.doi.org/10.1016/S0020-0190(03)00343-0},
	_publisher = {Elsevier North-Holland, Inc.},
	address = {Amsterdam, The Netherlands, The Netherlands}
}

@Article{ BuchholzKKT_JLAP03,
	title = {Model-checking large structured {M}arkov chains},
	author = {
		P. Buchholz and
		J.-P. Katoen and
		P. Kemper and
		C. Tepper
	},
	journal = { Journal of Logic and Algebraic Programming},
	volume = {56},
	pages = {69-96},
	year = {2003}
}

@InProceedings{Kwiatkowska_SLCS03,
	title={Model Checking for Probability and Time: From Theory to Practice},
	booktitle={Logic in Computer Science (LICS)},
	author={
		M. Kwiatkowska
		},
	year={2003},
	pages={351-360},
	_publisher={IEEE CS Press}
}

@InProceedings{BuchholzFKT_MMECCS03,
	title={Model checking of {CTMC}s and discrete event simulation integrated in the {APNN}-{T}oolbox},
	booktitle={Measurement, Modelling, and Evaluation of Computer-Communication Systems},
	author={
		P. Buchholz and
		M. Fischer and
		P. Kemper and
		C. Tepper
	},
	year={2003},
	pages={30-33},
	volume={781}
}

@Book{ Tijms_03,
	title={A First Course in Stochastic Models},
	author={
		 Henk C. Tijms
	},
	publisher={John Wiley \& Sons Ltd},
	year={2003}
}

@InProceedings{YounesKNP_TACAS04,
	title={Numerical vs. Statistical Probabilistic Model Checking: An Empirical Study},
	booktitle={Tools and Algorithms for the Construction and Analysis of Systems (TACAS)},
	author={
		H. Younes and
		M. Kwiatkowska and
		G. Norman and
		D. Parker
	},
	year={2004},
	pages={46--60},
	_publisher={Springer},
	series={LNCS},
	volume={2988},
	_editor={ K. Jensen and A. Podelski }
}

@InProceedings{MassinkKL_DSN04,
	title = {Model Checking Dependability Attributes of Wireless Group Communication},
	booktitle = {Dependable Systems and Networks (DSN)},
	author = {
		Mieke Massink and
		Joost-Pieter Katoen and
		Diego Latella
	},
	year = {2004},
	isbn = {0-7695-2052-9},
	pages = {711--720},
	publisher = {IEEE Computer Society},
	_address = {Washington, DC, USA},
}

@InProceedings{KwiatkowskaNP_QEST04,
	title={{PRISM} 2.0: A Tool for Probabilistic Model Checking},
	booktitle={Quantitative Evaluation of Systems (QEST)},
	author={
		M. Kwiatkowska and
		G. Norman and
		D. Parker
	},
	year={2004},
	pages={322--323},
	_publisher={IEEE CS Press},
}

@InProceedings{ DAprileDS_DS04,
	title = {{CSL} Model Checking for the {GreatSPN} Tool.},
	booktitle = {Int. Symp. on Computer and Information Sciences},
	author = {
		Davide D'Aprile and
		Susanna Donatelli and
		Jeremy Sproston},
	year = {2004},
	series={LNCS},
	volume = {3280},
	pages = {543-552}
}

@InProceedings{ ClothKKP_DSN05,
	title = {Model-checking {M}arkov reward models with impulse rewards.},
	booktitle = {Dependable Systems and Networks (DSN)},
	author = {
		L. Cloth and
		J.-P. Katoen and
		M. Khattri and
		R. Pulungan
	},
	year = {2005},
	address = {Yokohama, Japan}
}

@InProceedings{KatoenKZ_QEST05,
	title={A {M}arkov Reward Model Checker},
	booktitle={Quantitative Evaluation of Systems (QEST)},
	author={
		J.-P. Katoen and
		M. Khattri and
		I. S. Zapreev
	},
	year = {2005},
	pages = {243--244},
	_publisher = {IEEE CS Press},
}

@Article{Prism_WC05,
	journal = {\\http://www.prismmodelchecker.org/casestudies/cluster.php},
	title = {
		Prism web-page, {W}orkstation Cluster Example
	},
	key={Prism}
}

@InProceedings{SenVA_CAV05,
	title     = {On Statistical Model Checking of Stochastic Systems.},
	author    = {
		Koushik Sen and
		Mahesh Viswanathan and
		Gul Agha
	},
	booktitle = {Computer Aided Verification (CAV)},
	year      = {2005},
	pages     = {266-280},
	volume    = {3576},
	_publisher = {Springer},
	series    = {LNCS},
	_editor    = { Kousha Etessami and Sriram K. Rajamani }
}

@InProceedings{Younes_CAV05,
	title     = {Ymer: A Statistical Model Checker.},
	author    = {
		H{\aa}kan L. S. Younes
	},
	booktitle = {Computer Aided Verification (CAV)},
	year      = {2005},
	pages     = {429-433},
	volume    = {3576},
	_publisher = {Springer},
	series    = {LNCS},
	_editor    = { Kousha Etessami and Sriram K. Rajamani }
}

@TechReport{KatoenZ_TR05,
	title={Safe On-The-Fly Steady-State Detection for Time-Bounded Reachability},
	author={
		J.-P. Katoen and
		I. S. Zapreev
	},
	year = {2005},
	number = {TR-CTIT-05-52},
	institution = {CTIT, University of Twente}
}

@Article{YounesKNP_STTT05,
	title={Numerical vs. Statistical Probabilistic Model Checking},
	journal={Int. J. on Softw. for Technology Transfer (STTT)},
	author={
		H. Younes and
		M. Kwiatkowska and
		G. Norman and
		D. Parker
	},
	year={2006},
}

@InProceedings{KatoenZ_QEST06,
    title = {Safe On-The-Fly Steady-State Detection for Time-Bounded Reachability},
    booktitle = {Quantitative Evaluation of Systems (QEST)},
    author = {
        Joost-Pieter Katoen and
        Ivan S. Zapreev
    },
    year = {2006},
    _isbn = {N/A},
    _pages = {N/A},
    publisher = {IEEE Computer Society},
    _address = {Los Alamos, CA, USA},
}
